<?xml version="1.0" encoding="UTF-8"?><collection xmlns="http://www.loc.gov/MARC21/slim"><record><leader>00358nam--2200133-i-4500</leader><controlfield tag="001">000013301</controlfield><controlfield tag="002">20161230</controlfield><controlfield tag="005">20161230201030</controlfield><controlfield tag="008">060222s1000------------r-----000-0-eng-d</controlfield><datafield ind1=" " ind2=" " tag="080"><subfield code="a">55</subfield></datafield><datafield ind1=" " ind2=" " tag="100"><subfield code="a">Bancila, Ion, Florea, Mircea N. Fota,Dionisie, Lazar, L.F</subfield></datafield><datafield ind1=" " ind2=" " tag="245"><subfield code="a">Geologie inginereasca</subfield></datafield><datafield ind1=" " ind2=" " tag="260"><subfield code="a">Bucuresti, Editura Tehnica, 1980. 594 P</subfield></datafield><datafield ind1=" " ind2=" " tag="852"><subfield code="a">48292</subfield></datafield></record></collection>